<record><leader>00000cas a22000007a 4500</leader><controlfield tag="001">18659413</controlfield><controlfield tag="008">881024d18901907mnuwr ne      0    0eng d</controlfield><datafield ind1=" " ind2=" " tag="010"><subfield code="a">sn 88074821 </subfield></datafield><datafield ind1=" " ind2=" " tag="040"><subfield code="a">NYS</subfield><subfield code="b">eng</subfield><subfield code="c">NYS</subfield><subfield code="d">MN#</subfield><subfield code="d">OCLCQ</subfield><subfield code="d">DLC</subfield></datafield><datafield ind1=" " ind2=" " tag="042"><subfield code="a">msc</subfield></datafield><datafield ind1=" " ind2=" " tag="043"><subfield code="a">n-us-mn</subfield></datafield><datafield ind1=" " ind2=" " tag="052"><subfield code="a">4144</subfield><subfield code="b">B86</subfield></datafield><datafield ind1=" " ind2=" " tag="052"><subfield code="a">4143</subfield><subfield code="b">M7</subfield></datafield><datafield ind1="0" ind2="4" tag="245"><subfield code="a">The Brownsdale leaflet.</subfield></datafield><datafield ind1=" " ind2=" " tag="260"><subfield code="a">Brownsdale, Minn. :</subfield><subfield code="b">Johnson &amp; Quimby</subfield></datafield><datafield ind1=" " ind2=" " tag="300"><subfield code="a">v.</subfield></datafield><datafield ind1=" " ind2=" " tag="310"><subfield code="a">Weekly</subfield></datafield><datafield ind1="1" ind2=" " tag="362"><subfield code="a">Began in Aug. 6, 1890; ceased in May 1907.</subfield></datafield><datafield ind1=" " ind2=" " tag="588"><subfield code="a">Description based on: Vol. 3, no. 39 (Apr. 20, 1893).</subfield></datafield><datafield ind1=" " ind2="0" tag="651"><subfield code="a">Brownsdale (Minn.)</subfield><subfield code="v">Newspapers.</subfield></datafield><datafield ind1=" " ind2=" " tag="752"><subfield code="a">United States</subfield><subfield code="b">Minnesota</subfield><subfield code="c">Mower</subfield><subfield code="d">Brownsdale.</subfield></datafield><datafield ind1="0" ind2="5" tag="780"><subfield code="t">Brownsdale news</subfield><subfield code="w">(DLC)sn 91059439</subfield></datafield><datafield ind1="0" ind2="4" tag="785"><subfield code="t">Mower County transcript</subfield><subfield code="x">2332-7340</subfield><subfield code="w">(DLC)sn 85025431</subfield><subfield code="w">(OCoLC)1758795</subfield></datafield></record>